<collection xmlns="http://www.loc.gov/MARC21/slim"><record><leader>00760nam  2200205   450</leader><controlfield tag="001">500</controlfield><controlfield tag="003">http://montalegre.opacnet.com/OPAC/default.aspx?ContentAreaControl=ShowRegHoldings.ascx&amp;RegNo=16662</controlfield><datafield tag="100" ind1=" " ind2=" "><subfield code="a">20061013d1981    m  y0pory010305  ba</subfield></datafield><datafield tag="101" ind1="1" ind2=" "><subfield code="a">por</subfield><subfield code="c">eng</subfield></datafield><datafield tag="102" ind1=" " ind2=" "><subfield code="a">PT</subfield></datafield><datafield tag="200" ind1="1" ind2=" "><subfield code="a">Por quem os sinos dobram</subfield><subfield code="f">Ernest Hemingway</subfield><subfield code="g">trad. Monteiro Lobato</subfield><subfield code="g">rev. Alfredo Margarido</subfield></datafield><datafield tag="210" ind1=" " ind2=" "><subfield code="a">Lisboa</subfield><subfield code="c">Livros do Brasil</subfield><subfield code="d">[D.L. 1981]</subfield></datafield><datafield tag="215" ind1=" " ind2=" "><subfield code="a">450, [5] p.</subfield><subfield code="d">22 cm</subfield></datafield><datafield tag="225" ind1="2" ind2=" "><subfield code="a">Dois mundos</subfield><subfield code="v">24</subfield></datafield><datafield tag="675" ind1=" " ind2=" "><subfield code="a">821</subfield><subfield code="v">BN</subfield><subfield code="z">por</subfield></datafield><datafield tag="700" ind1=" " ind2="1"><subfield code="a">Hemingway</subfield><subfield code="b">Ernest</subfield><subfield code="f">1899-1961</subfield><subfield code="3">56672</subfield></datafield><datafield tag="702" ind1=" " ind2="1"><subfield code="a">Lobato</subfield><subfield code="b">Monteiro</subfield><subfield code="f">1882-1948</subfield><subfield code="4">730</subfield><subfield code="3">80926</subfield></datafield><datafield tag="702" ind1=" " ind2="1"><subfield code="a">Margarido</subfield><subfield code="b">Alfredo</subfield><subfield code="f">1928-</subfield><subfield code="4">675</subfield><subfield code="3">40817</subfield></datafield><datafield tag="801" ind1=" " ind2="0"><subfield code="a">PT</subfield><subfield code="b">Biblioteca Municipal de Montalegre</subfield><subfield code="g">RPC</subfield></datafield><datafield tag="856" ind1=" " ind2=" "><subfield code="u">locateMedia.asp?cod=20060517153242&amp;ext=jpg</subfield><subfield code="z">CAPA</subfield></datafield><datafield tag="909" ind1="&#9;" ind2=" "><subfield code="a">1</subfield></datafield><datafield tag="966" ind1=" " ind2=" "><subfield code="a">0008621</subfield><subfield code="l">BMM</subfield><subfield code="s">SCG 821 HEM por 24</subfield></datafield></record></collection>